@incollection{nelson2007automated,
   author = {Mark J. Nelson and Michael Mateas},
   title = {Towards automated game design},
   booktitle = {AI*IA 2007: Artificial Intelligence and Human-Oriented
	Computing},
   pages = {626--637},
   publisher = {Springer},
   year = {2007},
   note = {{L}ecture Notes in Computer Science 4733}
}

@inproceedings{togelius2008experiment,
  title={An experiment in automatic game design},
  author={Togelius, Julian and Schmidhuber, J{\"u}rgen},
  booktitle={Proceedings of the 2008 IEEE Symposium on Computational Intelligence and Games},
  pages={111--118},
  year={2008}
}

@inproceedings{smith2010variations,
  title={Variations forever: Flexibly generating rulesets from a sculptable design space of mini-games},
  author={Smith, Adam M and Mateas, Michael},
  booktitle={Proceedings of the 2010 IEEE Symposium on Computational Intelligence and Games},
  pages={273--280},
  year={2010}
}

@inproceedings{treanor2012game,
  title={Game-o-matic: Generating videogames that represent ideas},
  author={Treanor, Mike and Blackford, Bryan and Mateas, Michael and Bogost, Ian},
  booktitle={Proceedings of the The third workshop on Procedural Content Generation in Games},
  pages={11},
  year={2012},
  organization={ACM}
}

@inproceedings{font2013towards,
  title={Towards the automatic generation of card games through grammar-guided genetic programming.},
  author={Font, Jos{\'e} Mar{\'\i}a and Mahlmann, Tobias and Manrique, Daniel and Togelius, Julian},
  booktitle={FDG},
  pages={360--363},
  year={2013}
}

@article{levine2013general,
  title={General Video Game Playing},
  author={Levine, John and Congdon, Clare Bates and Ebner, Marc and Kendall, Graham and Lucas, Simon M and Miikkulainen, Risto and Schaul, Tom and Thompson, Tommy},
  journal={Dagstuhl Follow-Ups},
  volume={6},
  year={2013},
  publisher={Schloss Dagstuhl-Leibniz-Zentrum fuer Informatik}
}

@article{ebner2013towards,
  title={Towards a video game description language},
  author={Ebner, Marc and Levine, John and Lucas, Simon M and Schaul, Tom and Thompson, Tommy and Togelius, Julian},
  journal={Dagstuhl Follow-Ups},
  volume={6},
  year={2013},
  publisher={Schloss Dagstuhl-Leibniz-Zentrum fuer Informatik}
}

@inproceedings{schaul2013video,
  title={A video game description language for model-based or interactive learning},
  author={Schaul, Tom},
  booktitle={Computational Intelligence in Games (CIG), 2013 IEEE Conference on},
  pages={1--8},
  year={2013},
  organization={IEEE}
}

@article{genesereth2005general,
  title={General game playing: Overview of the AAAI competition},
  author={Genesereth, Michael and Love, Nathaniel and Pell, Barney},
  journal={AI magazine},
  volume={26},
  number={2},
  pages={62},
  year={2005}
}

@phdthesis{browne2008automated,
  title={Automatic generation and evaluation of recombination games},
  author={Browne, Cameron},
  year={2008},
  school={Queensland University of Technology}
}

@MISC{togelius11search,
    author = {Julian Togelius and Georgios N. Yannakakis and Kenneth O. Stanley and Cameron Browne},
    title = {Search-based Procedural Content Generation: A Taxonomy and Survey},
    year = {2011}
}

@incollection{pcgbook:ch6,
author={Mark J. Nelson and Julian Togelius and Cameron Browne and Michael Cook},
title={Chapter 6: Rules and mechanics},
booktitle={Procedural Content Generation in Games: A Textbook and an Overview of Current Research},
publisher={Springer},
year={2014},
note={(To appear.)},
url={http://www.pcgbook.com}
}

@inproceedings{liapis2014creativity,
author={Antonios Liapis and Georgios N. Yannakakis and Julian Togelius},
title={Computational game creativity},
booktitle={Proceedings of the 5th International Conference on Computational Creativity},
year={2014}
}

@inproceedings{cook2014angelina,
author={Michael Cook and Simon Colton},
title={Ludus Ex Machina: Building A 3D Game Designer That Competes Alongside Humans},
booktitle={Proceedings of the 5th International Conference on Computational Creativity},
year={2014}
}

@inproceedings{togelius2014characteristics,
   author = {Julian Togelius and Mark J. Nelson and Antonios Liapis},
   title = {Characteristics of generatable games},
   booktitle = {Proceedings of the 5th Workshop on Procedural Content Generation in Games},
   year = {2014}
}